@MastersThesis{Pysny2009,
	author = {Radek Pyšný},
	title = {Bibtex styl pro ČSN ISO 690 a ČSN ISO 690-2},
	school = {Vysoké učení technické v Brně. Fakulta informačních technologií. Ústav informačních
		systémů},
	year = {2009},
	type = {Bakalářská práce},
}

@MastersThesis{Sokol2012,
	author = {Miroslav SOKOL},
	title = {Online LaTeX editor},
	school = {Vysoké učení technické v Brně. Fakulta informačních technologií. Ústav počítačové
		grafiky a multimédií},
	year = {2012},
	type = {Diplomová práce},
}

@Misc{Simecek2013,
	author = {Martin Šimeček},
	title = {LaTeX 1.\,--\,Co to je a proč se ho chtít učit?},
	howpublished = {[online]},
	year = {rev. 21. srpen 2013},
	note = {[vid. 2017-04-13]},
	url = {http://programujte.com/clanek/2013080500},
}

@Misc{Slantchev,
	author = {Branislav L. Slantchev},
	title = {How do I create my first document in LaTeX?},
	howpublished = {[online]},
	url = {http://programujte.com/clanek/2013080500},
}

@Misc{Sopouch2001,
	author = {Pavel Sopuch},
	title = {LaTeX 1.\,--\,Co to je a proč se ho chtít učit?},
	howpublished = {[online]},
	year = {20.1.2001},
	url = {http://programujte.com/clanek/2013080500},
}

@InBook{Kopka2004,
	author = {Helmut. KOPKA and Patrick W. DALY},
	title = {Guide to LaTeX},
	chapter = {Introduction},
	publisher = {Addison-Wesley},
	address = {Boston},
	year = {2004},
	edition = {4},
	ISBN = {03-2117-385-6},
}

@InBook{Knuth1990,
	author = {Donald E. Knuth},
	title = {The Texbook},
	chapter = {Preface},
	publisher = {Addison-Wesley},
	address = {Boston},
	year = { 1990},
	edition = {18},
	ISBN = { 0-201-13448-9},
}


@Article{Vesely1991,
	author = {Ján Veselý},
	title = {TeX pro pragmatiky},
	journal = {Zpravodaj Československého sdružení uživatelů TeXu},
	volume = {1},
	number = {1\,--\,3},
	pages = {27\,--\,33},
	year = {1991},
	ISSN = {1211-6661},
}

@article{GratzerG2015,
    issn = {0002-9920},
    journal = {Notices of the American Mathematical Society},
    pages = {667--669},
    volume = {62},
    number = {06},
    year = {2015},
    title = {What is new in LaTeX? VII. The STIX Math Symbols},
    author = {Grätzer, G.},
    keywords = {Mathematics;},
}

@article{BerkowitzTalia2015,
issn = {00368075},
journal = {Science (New York, N.Y.)},
pages = {196--198},
volume = {350},
number = {6257},
year = {2015},
title = {Math at home adds up to achievement in school.},
author = {Berkowitz, Talia and Schaeffer, Marjorie W and Maloney, Erin A and Peterson, Lori and Gregor, Courtney and Levine, Susan C and Beilock, Sian L},
keywords = {Anxiety–Psychology ; Child–Education ; Educational Status–Psychology ; Female–Psychology ; Humans–Methods ; Intergenerational Relations–Methods ; Knowledge–Methods ; Male–Methods ; Mathematics–Methods ; Mobile Applications–Methods ; Parent-Child Relations–Methods ; Parents–Methods ; Reading–Methods ; Schools–Methods ; Students–Methods ; Teaching–Methods},
url = {http://search.proquest.com/docview/1721360326/},
}






